<?xml version="1.0" encoding="UTF-8"?><collection xmlns="http://www.loc.gov/MARC21/slim"><record><leader>00416nam--2200169-i-4500</leader><controlfield tag="001">000045080</controlfield><controlfield tag="002">20161230</controlfield><controlfield tag="005">20161230201044</controlfield><controlfield tag="008">060222s1000------------r-----000-0-fre-d</controlfield><datafield ind1=" " ind2=" " tag="040"><subfield code="a">IFIN-HH</subfield></datafield><datafield ind1=" " ind2=" " tag="041"><subfield code="a">fre</subfield></datafield><datafield ind1=" " ind2=" " tag="080"><subfield code="a">517.43</subfield></datafield><datafield ind1="1" ind2=" " tag="100"><subfield code="a">Parodi, Maurice</subfield></datafield><datafield ind1="1" ind2="0" tag="245"><subfield code="a">Introduction a l`etude de l`analyse symbolique</subfield><subfield code="c">Maurice parodi</subfield></datafield><datafield ind1=" " ind2=" " tag="300"><subfield code="a">246 P</subfield></datafield><datafield ind1=" " ind2=" " tag="852"><subfield code="a">10381</subfield><subfield code="c">530.1</subfield></datafield><datafield ind1=" " ind2=" " tag="CAT"><subfield code="a">Sys</subfield><subfield code="c">20160414</subfield><subfield code="h">121017</subfield></datafield></record></collection>